@article{einstein1905,
	author    = {Albert Einstein},
	title     = {On the electrodynamics of moving bodies},
	journal   = {Annalen der Physik},
	volume    = {17},
	number    = {10},
	pages     = {891--921},
	year      = {1905},
	doi       = {10.1002/andp.19053221004},
}

@book{latexcompanion,
	author    = {Michel Goossens and Frank Mittelbach and Alexander Samarin},
	title     = {The \LaTeX\ Companion},
	edition   = {2},
	publisher = {Addison-Wesley},
	year      = {1994},
}
